<record><leader>00000cas a22000007a 4500</leader><controlfield tag="001">22527669</controlfield><controlfield tag="008">901017d19361975couwr ne      0    0eng d</controlfield><datafield ind1=" " ind2=" " tag="010"><subfield code="a">sn 90051795 </subfield></datafield><datafield ind1=" " ind2=" " tag="040"><subfield code="a">CNQ</subfield><subfield code="b">eng</subfield><subfield code="c">CNQ</subfield><subfield code="d">OCLCQ</subfield></datafield><datafield ind1=" " ind2=" " tag="042"><subfield code="a">msc</subfield></datafield><datafield ind1="0" ind2="4" tag="245"><subfield code="a">The Middle Park times and Kremmling record.</subfield></datafield><datafield ind1="1" ind2="7" tag="246"><subfield code="a">Middle Park times</subfield></datafield><datafield ind1=" " ind2=" " tag="260"><subfield code="a">Hot Sulphur Springs, Grand County, Colo. :</subfield><subfield code="b">G.S. Heaton</subfield></datafield><datafield ind1=" " ind2=" " tag="300"><subfield code="a">v.</subfield></datafield><datafield ind1=" " ind2=" " tag="310"><subfield code="a">Weekly</subfield></datafield><datafield ind1="0" ind2=" " tag="362"><subfield code="a">56th year, no. 23 (Nov. 26, 1936)- ; -v. 94, no. 6 (Jan. 24, 1975).</subfield></datafield><datafield ind1=" " ind2=" " tag="515"><subfield code="a">Numbering varies.</subfield></datafield><datafield ind1=" " ind2=" " tag="530"><subfield code="a">Available on microfilm from the Colorado Historical Society.</subfield></datafield><datafield ind1=" " ind2=" " tag="752"><subfield code="a">United States</subfield><subfield code="b">Colorado</subfield><subfield code="c">Grand</subfield><subfield code="d">Hot Sulphur Springs.</subfield></datafield><datafield ind1="0" ind2="0" tag="780"><subfield code="t">Middle Park times and Kremmling register</subfield><subfield code="w">(DLC)sn 91052500</subfield></datafield><datafield ind1="0" ind2="0" tag="785"><subfield code="t">Middle Park times (Kremmling, Colo. : 1975)</subfield><subfield code="w">(DLC)sn 91052116</subfield></datafield></record>